<record><leader>00000cas a2200000 a 4500</leader><controlfield tag="001">45092487</controlfield><controlfield tag="008">000928d19uu19uucausn ne      0    0eng c</controlfield><datafield ind1=" " ind2=" " tag="010"><subfield code="a">sn 00060533 </subfield></datafield><datafield ind1=" " ind2=" " tag="040"><subfield code="a">CNK</subfield><subfield code="b">eng</subfield><subfield code="c">CNK</subfield><subfield code="d">OCLCQ</subfield><subfield code="d">OCLCF</subfield><subfield code="d">OCLCO</subfield></datafield><datafield ind1="1" ind2=" " tag="029"><subfield code="a">AU@</subfield><subfield code="b">000021897177</subfield></datafield><datafield ind1=" " ind2=" " tag="042"><subfield code="a">pcc</subfield></datafield><datafield ind1=" " ind2=" " tag="043"><subfield code="a">n-us-ca</subfield></datafield><datafield ind1="0" ind2="0" tag="245"><subfield code="a">Palm Desert news.</subfield></datafield><datafield ind1=" " ind2=" " tag="260"><subfield code="a">Palm Desert, Cal. :</subfield><subfield code="b">Arnold Schaak</subfield></datafield><datafield ind1=" " ind2=" " tag="300"><subfield code="a">v.</subfield></datafield><datafield ind1=" " ind2=" " tag="310"><subfield code="a">Semimonthly (Sept. to June)</subfield></datafield><datafield ind1=" " ind2=" " tag="500"><subfield code="a">Related to Rancho Mirage News, Palm Desert Country Club Estates News, and Cahuilla News.</subfield></datafield><datafield ind1=" " ind2=" " tag="588"><subfield code="a">Description based on: Vol. 9, no. 12 (Feb. 15, 1964).</subfield></datafield><datafield ind1=" " ind2="0" tag="651"><subfield code="a">Palm Desert (Calif.)</subfield><subfield code="v">Newspapers.</subfield></datafield><datafield ind1=" " ind2="7" tag="655"><subfield code="a">Newspapers.</subfield><subfield code="2">fast</subfield><subfield code="0">(OCoLC)fst01423814</subfield></datafield><datafield ind1=" " ind2="7" tag="651"><subfield code="a">California</subfield><subfield code="z">Palm Desert.</subfield><subfield code="2">fast</subfield><subfield code="0">(OCoLC)fst01219032</subfield></datafield><datafield ind1=" " ind2=" " tag="752"><subfield code="a">United States</subfield><subfield code="b">California</subfield><subfield code="c">Riverside</subfield><subfield code="d">Palm Desert.</subfield></datafield></record>